@article{galeano2020predicting,
  title={Predicting the frequencies of drug side effects},
  author={Galeano, Diego and Li, Shantao and Gerstein, Mark and Paccanaro, Alberto},
  journal={Nature communications},
  volume={11},
  number={1},
  pages={4575},
  year={2020},
  publisher={Nature Publishing Group UK London}
}

@article{kuhn2016sider,
  title={The SIDER database of drugs and side effects},
  author={Kuhn, Michael and Letunic, Ivica and Jensen, Lars Juhl and Bork, Peer},
  journal={Nucleic acids research},
  volume={44},
  number={D1},
  pages={D1075--D1079},
  year={2016},
  publisher={Oxford University Press}
}

@article{neumann2019scispacy,
  title={ScispaCy: fast and robust models for biomedical natural language processing},
  author={Neumann, Mark and King, Daniel and Beltagy, Iz and Ammar, Waleed},
  journal={arXiv preprint arXiv:1902.07669},
  year={2019}
}

@article{tarcar2019healthcare,
  title={Healthcare NER models using language model pretraining},
  author={Tarcar, Amogh Kamat and Tiwari, Aashis and Dhaimodker, Vineet Naique and Rebelo, Penjo and Desai, Rahul and Rao, Dattaraj},
  journal={arXiv preprint arXiv:1910.11241},
  year={2019}
}
